<record><leader>01930cam a2200409 i 4500</leader><controlfield tag="001">6786618</controlfield><controlfield tag="003">OCoLC</controlfield><controlfield tag="005">20150106095917.0</controlfield><controlfield tag="008">140609t20152015enka     b    001 0 eng  </controlfield><datafield ind1=" " ind2=" " tag="010"><subfield code="a">  2014022085</subfield></datafield><datafield ind1="7" ind2=" " tag="016"><subfield code="a">101634378</subfield><subfield code="2">DNLM</subfield></datafield><datafield ind1=" " ind2=" " tag="020"><subfield code="a">9780195324792</subfield><subfield code="q">alk. paper</subfield></datafield><datafield ind1=" " ind2=" " tag="020"><subfield code="a">019532479X</subfield><subfield code="q">alk. paper</subfield></datafield><datafield ind1=" " ind2=" " tag="035"><subfield code="a">ocn900628023</subfield></datafield><datafield ind1=" " ind2=" " tag="040"><subfield code="a">DNLM/DLC</subfield><subfield code="b">eng</subfield><subfield code="e">rda</subfield><subfield code="c">DLC</subfield><subfield code="d">YDX</subfield><subfield code="d">NLM</subfield><subfield code="d">BDX</subfield><subfield code="d">BTCTA</subfield><subfield code="d">YDXCP</subfield><subfield code="d">OCLCO</subfield><subfield code="d">OCLCQ</subfield><subfield code="d">UAB</subfield></datafield><datafield ind1=" " ind2=" " tag="042"><subfield code="a">pcc</subfield></datafield><datafield ind1="0" ind2="4" tag="050"><subfield code="a">RC455.4.E58</subfield><subfield code="b">T39 2015</subfield></datafield><datafield ind1="0" ind2="0" tag="060"><subfield code="a">2014 N-330</subfield></datafield><datafield ind1="1" ind2="0" tag="060"><subfield code="a">WM 141</subfield></datafield><datafield ind1="0" ind2="0" tag="082"><subfield code="a">616.89</subfield><subfield code="2">23</subfield></datafield><datafield ind1=" " ind2=" " tag="090"><subfield code="a">RC 455.4 E58 T39 2015</subfield><subfield code="b">AEU</subfield></datafield><datafield ind1="1" ind2=" " tag="100"><subfield code="a">Taylor, Edward H.,</subfield><subfield code="e">author.</subfield></datafield><datafield ind1="1" ind2="0" tag="245"><subfield code="a">Assessing, diagnosing, and treating serious mental disorders :</subfield><subfield code="b">a bioecological approach /</subfield><subfield code="c">Edward H. Taylor.</subfield></datafield><datafield ind1=" " ind2="1" tag="264"><subfield code="a">Oxford ;</subfield><subfield code="a">New York :</subfield><subfield code="b">Oxford University Press,</subfield><subfield code="c">[2015]</subfield></datafield><datafield ind1=" " ind2="4" tag="264"><subfield code="c">&#169;2015</subfield></datafield><datafield ind1=" " ind2=" " tag="300"><subfield code="a">xvii, 390 pages :</subfield><subfield code="b">illustrations ;</subfield><subfield code="c">26 cm</subfield></datafield><datafield ind1=" " ind2=" " tag="336"><subfield code="a">text</subfield><subfield code="b">txt</subfield><subfield code="2">rdacontent</subfield></datafield><datafield ind1=" " ind2=" " tag="337"><subfield code="a">unmediated</subfield><subfield code="b">n</subfield><subfield code="2">rdamedia</subfield></datafield><datafield ind1=" " ind2=" " tag="338"><subfield code="a">volume</subfield><subfield code="b">nc</subfield><subfield code="2">rdacarrier</subfield></datafield><datafield ind1=" " ind2=" " tag="504"><subfield code="a">Includes bibliographical references and index.</subfield></datafield><datafield ind1="0" ind2=" " tag="505"><subfield code="a">Introduction to the bioecological mental health model and a personal story -- Theoretical foundations for treating bioecological mental disorders illnesses -- The family as treatment partners : moving beyond education and coping -- The comprehensive continuous assessment -- Schizophrenia -- Major depressive and dysthymic disorders : introduction and comparison between DSM-IV-TR and DSM-V -- Bipolar disorders -- Anxiety disorders -- Personality disorders -- Child and adolescent mental disorders : an overview.</subfield></datafield><datafield ind1=" " ind2=" " tag="596"><subfield code="a">43</subfield></datafield><datafield ind1=" " ind2="0" tag="650"><subfield code="a">Psychiatric epidemiology.</subfield></datafield><datafield ind1="1" ind2="2" tag="650"><subfield code="a">Mental Disorders</subfield><subfield code="x">diagnosis.</subfield></datafield><datafield ind1="2" ind2="2" tag="650"><subfield code="a">Social Environment.</subfield></datafield><datafield ind1=" " ind2=" " tag="949"><subfield code="a">RC 455.4 E58 T39 2015</subfield><subfield code="c">1</subfield><subfield code="h">UAHS-B</subfield><subfield code="i">0162035221173</subfield></datafield><datafield ind1=" " ind2=" " tag="926"><subfield code="a">RC 455.4 E58 T39 2015</subfield><subfield code="w">LC</subfield><subfield code="c">1</subfield><subfield code="i">0162035221173</subfield><subfield code="l">ON_SHELF</subfield><subfield code="m">UAHSS</subfield><subfield code="p">$150.00</subfield><subfield code="r">Y</subfield><subfield code="s">Y</subfield><subfield code="t">BOOK</subfield><subfield code="u">1/21/2015</subfield></datafield></record>